@book{Ryan2016,
   author = {Mark Ryan},
   city = {New York},
   edition = {2nd},
   publisher = {Wiley},
   title = {Calculus For Dummies},
   year = {2016},
}
@misc{Shapiro2014,
   author = {B.E. Shapiro},
   journal = {https://www.integral-table.com/},
   title = {Table of Integrals},
   year = {2014},
}
@book{Boas2005,
   author = {Mary L. Boas},
   city = {Washington},
   edition = {3rd},
   publisher = {Wiley},
   title = {Mathematical Methods in the Physical Sciences},
   year = {2005},
}
@book{Griffiths2017,
   author = {David J. Griffiths},
   city = {Cambridge},
   publisher = {Cambridge University Press},
   title = {Introduction to Electrodynamics},
   year = {2017},
}
